
% Journals

% First the Full Name is given, then the abbreviation used in the AMS Math
% Reviews, with an indication if it could not be found there.
% Note the 2nd overwrites the 1st, so swap them if you want the full name.

%Entries
@misc{tantacrul,
  title = {A History of Facebook's (\& Meta's) Decline},
  author = {Tantacrul},
  year = {2024},
  url = {https://www.youtube.com/watch?v=MPyJBJTHyO0},
}
@misc{jakey,
  title = {Microsoft Sucks at Everything},
  author = {NakeyJakey},
  year = {2024},
  url = {https://www.youtube.com/watch?v=LZzubS1ILTs},
}

@article{Stallman1997TheRT,
  title={The right to read},
  author={Richard M. Stallman},
  journal={Commun. ACM},
  year={1997},
  volume={40},
  pages={85-87},
  url={https://api.semanticscholar.org/CorpusID:20251001}
}

@misc{BarraDRM,
  title        = "DRM In School eBooks: When Life Imitates Dystopian Stories",
  author       = "Barra O'Cathain",
  howpublished = "\url{https://www.gnu.org/education/drm-in-school-ebooks-when-life-imitates-dystopian-stories.en.html}",
  year         = 2021
}

@misc{product,
  title        = "'Product' [Words to Avoid (or Use with Care)]",
  author       = "rms",
  howpublished = "\url{https://www.gnu.org/philosophy/words-to-avoid.en.html\#Product}",
  year         = 2024
}

@misc{jellyfin,
  title        = "The Free Software Media System",
  author = {FSF},
  year = {2025},
  howpublished = "\url{https://jellyfin.org}",
}

@misc{national-science-foundation,
  title        = "NSF + DNS",
  author = {NSF},
  year = {1974},
  howpublished = "\url{https://www.cavebear.com/archive/nsf-dns/execsummary.htm}",
}